@book{kopka2003guide,
  title={Guide to LATEX},
  author={Kopka, Helmut and Daly, Patrick W},
  year={2003},
  publisher={Pearson Education}
}